<?xml version="1.0" encoding="UTF-8"?><collection xmlns="http://www.loc.gov/MARC21/slim"><record><leader>00601nam--2200193-i-4500</leader><controlfield tag="001">000025988</controlfield><controlfield tag="002">20161230</controlfield><controlfield tag="005">20161230201036</controlfield><controlfield tag="008">060222s1000------------r-----000-0-eng-d</controlfield><datafield ind1=" " ind2=" " tag="040"><subfield code="a">IFIN-HH</subfield></datafield><datafield ind1=" " ind2=" " tag="080"><subfield code="a">548:539.2</subfield></datafield><datafield ind1="1" ind2=" " tag="100"><subfield code="a">Sugano, Satoru</subfield></datafield><datafield ind1="1" ind2="0" tag="245"><subfield code="a">Pure and applied physics. vol. 33. multiplets of transition-metal ions in crystals</subfield><subfield code="c">Satoru sugano, yukito tanabe, hiroshi kamimura</subfield></datafield><datafield ind1=" " ind2=" " tag="260"><subfield code="a">New York</subfield><subfield code="b">Academic Press</subfield><subfield code="c">1970</subfield></datafield><datafield ind1=" " ind2=" " tag="300"><subfield code="a">XI + 331P</subfield></datafield><datafield ind1=" " ind2=" " tag="490"><subfield code="a">A Series Of Monographs And Textbooks</subfield></datafield><datafield ind1="1" ind2=" " tag="700"><subfield code="a">Kamimura, Hiroshi</subfield></datafield><datafield ind1=" " ind2=" " tag="852"><subfield code="a">13428</subfield><subfield code="c">53</subfield></datafield><datafield ind1=" " ind2=" " tag="CAT"><subfield code="a">Sys</subfield><subfield code="c">20150205</subfield><subfield code="h">212136</subfield></datafield></record></collection>